3275 5542
563 1160 708 1277 aanor
731 1182 964 1253 suerruuu
995 1227 1000 1233 -

263 1408 308 1471 or
329 1406 561 1486 oooeounur
582 1382 847 1471 veommonou
867 1406 914 1471 ac
934 1406 1165 1472 munerun
1185 1408 1258 1473 osu

630 1528 891 1595 rusonmnoes
1125 1544 1138 1557 ·

717 1722 814 1741 -η

511 1985 515 1993 ·
624 1959 649 2023 1.
663 1960 758 2024 -lte
771 1957 904 2023 homine

224 2212 226 2217 Ι
321 2134 356 2196 1·
373 2150 416 2195 oe
441 2136 502 2195 uso
517 2148 667 2195 uournuu
690 2148 761 2203 oon
784 2123 1021 2218 incorporalia
1041 2150 1201 2196 orcouron

261 2298 452 2370 Neminem
471 2290 561 2391 fugit
574 2298 750 2368 Romanos
766 2300 802 2366 in
820 2289 909 2367 bene
924 2298 1091 2391 gerendis
1106 2298 1212 2381 rebus
1225 2322 1306 2369 cum

221 2412 666 2504 puhlicistumdomesticis
676 2434 714 2481 se
722 2417 812 2482 totos
826 2436 968 2504 semper
982 2398 1188 2499 collocasse,
1199 2419 1306 2506 atque

152 2582 155 2589 .
197 2525 298 2597 ideo
339 2526 624 2620 liquidissimum
671 2549 871 2595 sermonem
915 2524 1139 2612 adhibuisse,
1169 2528 1307 2599 modice

225 2646 362 2712 utentes
377 2642 423 2709 iis
445 2637 651 2709 nominihus
670 2663 749 2733 qua
770 2639 1005 2734 incorporalia
1023 2664 1044 2711 a
1063 2645 1307 2735 grammaticis

223 2750 413 2824 dicuntur.-

267 2868 358 2937 Dum
375 2858 680 2960 pretermiserunt
698 2866 958 2976 philosophiam
983 2868 1172 2960 complecti
1200 2877 1307 2962 atque

226 2980 262 3049 in
279 3004 401 3051 rerum
416 2980 715 3072 contemplatione
736 2981 880 3064 versari,
899 2980 993 3050 hanc
1011 2983 1307 3053 consuetudinem
1407 3014 1411 3020 ·

227 3102 473 3178 servaverunt;
501 3093 561 3163 ubi
581 3114 665 3163 vero
692 3092 926 3185 philosophia
946 3116 1091 3185 operam
1112 3095 1253 3181 dedere,
1272 3098 1308 3166 vi

227 3227 263 3274 ac
287 3208 499 3278 necessitate
529 3208 640 3277 coacti
661 3212 744 3276 sunt
773 3202 1050 3300 incorporalibus
1076 3208 1309 3302 incorporalia

228 3322 371 3391 nomina
396 3322 589 3412 imponere,
620 3320 716 3413 quod
747 3320 864 3389 Tullio
890 3344 1151 3414 nonnunquam
1175 3325 1306 3407 evenit,

229 3440 266 3502 ut
279 3434 412 3529 legenti
426 3434 503 3527 ejus
523 3434 652 3527 scripta
667 3433 895 3526 perspicuum
915 3442 981 3503 est.

270 3548 431 3641 Christus
447 3554 565 3618 autem
581 3553 686 3639 atque
703 3547 726 3614 ii
741 3546 801 3638 qui
822 3569 842 3615 a
862 3546 1003 3617 Christo
1032 3549 1181 3641 proiecti
1210 3558 1307 3635 sunt,

231 3660 338 3731 multa
356 3660 573 3730 induxerunt
596 3682 675 3752 quae
708 3658 1016 3751 incorporabilibus
1036 3666 1310 3735 tantumnomi-

230 3772 329 3845 nibus
354 3774 504 3867 exprimi
542 3780 708 3865 possunl;
738 3774 969 3864 quamohrem
995 3774 1142 3867 hujusce
1169 3780 1310 3869 generis

231 3888 370 3957 nomina
390 3910 482 3979 saepe
502 3886 596 3979 apud
616 3886 653 3956 S.
674 3884 851 3955 Hilarium
872 3889 1112 3979 reperiuntur.

183 4146 186 4153 Ι
271 4074 303 4157 a)
324 4074 428 4159 hlulta
448 4082 523 4137 sunt
544 4077 763 4155 incorporalia
785 4074 917 4137 nomina
935 4096 1008 4160 quae
1028 4055 1061 4139 in
1079 4076 1188 4142 locum
1205 4078 1309 4142 nomi-

233 4187 304 4234 num
318 4192 381 4235 non
396 4175 650 4257 incorporalium
665 4179 902 4256 supponuntur.
916 4226 930 4233 -

349 4298 446 4372 sitque
472 4305 524 4356 aut
551 4298 707 4356 familiaris
731 4299 876 4373 scientiae,
891 4303 1042 4383 cognitam
1061 4302 1177 4361 clarem
1198 4304 1257 4361 cito
1274 4322 1311 4363 cx

332 4388 418 4461 copia
442 4386 493 4445 illa
514 4394 661 4462 congestae
681 4388 712 4443 iu
735 4404 831 4466 uuum
845 4392 993 4449 varietatis
1009 4391 1126 4465 (rerum
1149 4393 1312 4466 variarum)

294 4546 297 4553 ,
333 4475 476 4551 eligere...
491 4477 526 4533 la
540 4477 641 4534 Psalm.
658 4478 746 4533 lustr.
759 4479 805 4535 tl.
878 4543 881 4549 ¹
