3275 5542
741 673 917 728 ..53-

737 845 923 912 ronow

323 1001 412 1068 Deua
427 1001 531 1067 tribus
552 1003 702 1081 personia
730 973 879 1076 constan
896 996 955 1062 ced
975 996 1009 1060 in
1033 1017 1073 1062 eo
1091 1017 1159 1060 una
1179 1005 1326 1060 tanturn
1359 1003 1437 1059 est

284 1111 410 1178 natura,
426 1099 513 1186 quod
527 1097 710 1183 explicatur
723 1095 895 1160 vocabulis
909 1098 1064 1173 solitudo,
1081 1099 1172 1160 unio.

403 1223 552 1298 quidquid
563 1238 660 1280 unum
675 1225 732 1292 cst,
744 1219 995 1294 parnativitatem
1006 1235 1069 1275 non
1077 1217 1430 1284 babetsoiitnriinem:

392 1313 464 1388 quia
478 1319 509 1370 et
519 1311 643 1370 solitudo
658 1309 825 1384 singularia
836 1315 917 1366 eat...
934 1311 973 1366 Dc
986 1310 1100 1378 Trinit,
1118 1309 1181 1378 vit,
1192 1313 1242 1365 2¹.
1310 1343 1315 1352 ·

410 1405 497 1460 Potor
509 1407 540 1460 et
554 1400 645 1458 Fiiiua
657 1401 737 1458 Deua
749 1415 848 1456 unum
862 1405 935 1456 eunt
947 1415 1009 1455 non
1022 1403 1128 1455 unione
1139 1415 1332 1473 perseum...
1345 1398 1427 1456 sed

391 1491 568 1550 substantio
583 1491 736 1548 unitate...
753 1491 793 1546 De
807 1491 924 1560 Trinit,
937 1489 984 1557 tv,
999 1489 1045 1545 ie.

323 1629 489 1696 Vocabulo
506 1631 647 1693 solitudo
667 1624 898 1714 apponendum
920 1635 973 1689 est
992 1625 1187 1690 vocabulum
1208 1631 1423 1691 solitarius

284 1727 370 1815 quod
386 1728 472 1792 idom
487 1737 582 1792 sonat
596 1735 694 1812 atque
710 1746 804 1788 unua.

406 1851 496 1910 nobis
506 1867 629 1926 quoque
648 1867 706 1908 neo
720 1851 869 1906 soliterius
884 1855 1004 1907 tontum
1017 1865 1075 1906 nec
1089 1847 1227 1907 diversus
1245 1855 1297 1907 est
1316 1868 1418 1909 con-

394 1941 559 1998 sstcndua...
577 1943 616 1998 Dr
627 1941 744 2010 rripit,
759 1939 806 2010 lv,
820 1941 865 1996 tt.

325 2076 421 2165 Apud
444 2079 587 2164 optimos
604 2079 797 2164 scriptores.
812 2079 954 2140 solitudo
969 2075 1057 2141 idem
1080 2087 1176 2142 oonat
1196 2098 1235 2142 ac
1254 2081 1411 2144 meria

285 2183 367 2254 toro,
396 2176 448 2240 vel
470 2180 606 2256 relictio,
637 2179 802 2240 destitutio
814 2194 829 2255 ‚·
849 2179 928 2239 rmio
954 2183 1064 2238 autem
1094 2173 1250 2262 designat
1277 2197 1411 2263 genua

285 2273 449 2361 quoddam
465 2273 718 2358 margaritarum
733 2271 821 2358 apud
835 2271 978 2337 Plinium
995 2282 1028 2337 et
1041 2271 1213 2338 Senecam.

222 2363 225 2370 ’
325 2371 439 2456 Aequo
454 2391 590 2458 prorsus
603 2371 678 2456 jure
702 2380 780 2436 aunt
797 2371 897 2435 Pater
912 2379 946 2435 et
964 2370 1069 2434 Filius
1089 2370 1177 2456 quod
1198 2373 1408 2456 explicatur

286 2469 385 2536 verbo
399 2473 567 2534 considere
581 2491 594 2534 .·
1179 2482 1185 2491 ‘

413 2595 551 2651 Hominis
566 2593 658 2652 Filius
669 2610 854 2650 romanorun
870 2592 987 2657 Patri...
1004 2595 1039 2649 Ia
1052 2593 1156 2651 Prolem
1172 2598 1202 2663 2,
1213 2597 1261 2651 m.

326 2726 567 2790 Hieronridere
580 2725 719 2789 verbum
741 2734 793 2790 est
816 2745 878 2811 per
901 2720 1149 2788 similitudinem
1172 2721 1397 2802 translatum,

285 2843 371 2898 curn,
386 2823 443 2909 qui
469 2823 509 2886 ad
533 2822 620 2887 latus
642 2821 782 2906 alicujus
802 2821 940 2897 assidet,
968 2819 1129 2905 dignitate
1146 2839 1223 2908 curu
1242 2839 1283 2884 oo
1299 2839 1398 2884 cxae·

284 2921 378 3008 quari
395 2920 511 2986 soleat.

326 3019 351 3084 E
366 3019 466 3084 vorbo
487 3023 651 3084 considere
665 3017 841 3084 deducitur
854 3039 973 3084 nomon
1000 3041 1167 3085 conterrita
1181 3018 1269 3106 quod
1295 3018 1395 3084 idem

288 3125 383 3184 sonat
396 3120 503 3196 aojrta
516 3123 652 3200 aequate.
669 3135 673 3146 ·
701 3114 704 3122 ’

407 3241 463 3310 Qui
474 3242 648 3300 ctChristus
661 3247 692 3299 ot
705 3241 799 3300 Filius
813 3241 867 3298 Dei
881 3246 1070 3316 estromenta
1082 3242 1135 3299 Dei
1146 3241 1258 3318 dignus
1267 3247 1392 3302 esset...

395 3333 430 3388 in
445 3332 548 3388 Protin.
565 3335 593 3401 2,
608 3335 654 3389 27.

327 3451 423 3536 Apud
439 3449 630 3516 Ciceronem
648 3459 682 3514 et
695 3449 778 3516 aiios
792 3425 1204 3516 cornereue=conventue
1237 3441 1248 3453 ⁸

278 3575 281 3580 ·
325 3548 351 3612 F
354 3549 429 3612 ilius
453 3549 514 3613 Dei
536 3549 687 3635 gignitur
706 3569 771 3612 non
789 3569 849 3634 per
876 3554 1132 3629 transfusionem
1153 3569 1260 3636 neque
1278 3549 1392 3615 Filius

284 3647 345 3712 Dei
359 3655 412 3710 est
425 3649 597 3726 adoptio...
1259 3647 1263 3652 ’

358 3765 452 3822 Filius
474 3766 505 3824 in
521 3767 609 3824 Patre
628 3773 676 3824 est
696 3773 727 3825 ct
746 3768 778 3824 in
801 3766 876 3824 Filio
891 3769 992 3838 Pater,
1008 3784 1070 3825 non
1092 3784 1148 3841 per
1162 3768 1390 3838 transitoriorum

394 3855 644 3929 refusionemque
661 3863 836 3914 mutuam...
854 3859 894 3914 Dr
910 3859 1025 3925 rripit..
1040 3857 1156 3928 vtum.
1321 3916 1326 3925 ,
1353 3869 1359 3876 ·

407 3950 438 4000 et
451 3943 543 4001 Filius
558 3951 614 4015 cst,
632 3961 696 4002 non
712 3945 869 4018 adoptio...
884 3948 926 4003 Dc
940 3948 1054 4018 rripit,
1071 3945 1144 4016 vlit,
1160 3947 1206 4003 tr.

323 4053 420 4139 Apud
442 4055 646 4132 Ciceronem,
663 4055 846 4138 ironrsrnio
861 4058 948 4123 idem
968 4067 1063 4123 sonat
1079 4079 1119 4123 ac
1132 4062 1272 4122 colluvio
1289 4063 1389 4144 [gen-

283 4153 391 4236 tium),
410 4162 443 4217 et
463 4153 549 4239 opud
575 4154 717 4220 Plinium
744 4156 835 4220 idern
854 4166 954 4242 atque
977 4161 1093 4239 raticio
1111 4156 1188 4243 (qua
1202 4157 1327 4242 aliquid
1344 4179 1389 4223 ex

283 4271 348 4314 uno
364 4271 442 4315 vaso
459 4252 491 4314 in
505 4252 644 4316 alterum
658 4253 849 4338 trajicitur).
951 4338 955 4344 Δ

322 4348 419 4433 Apud
429 4349 566 4414 eximios
588 4351 767 4436 scriptores
782 4355 918 4433 adoptio
932 4379 971 4432 ·‚.:
982 4352 1117 4431 electi03
1132 4353 1220 4438 apud
1241 4354 1277 4420 S.
1295 4355 1391 4421 nita·

284 4446 368 4510 rium
382 4447 445 4512 hoe
462 4468 599 4534 prorsus
614 4449 807 4514 inusitatum
822 4451 922 4529 volet,
941 4473 1061 4539 nempe
1078 4456 1187 4518 Filius
1201 4455 1391 4534 adoptione.
