3275 5542
407 1125 413 1133 ,
522 1033 685 1119 noun
714 969 986 1122 snconous
1089 969 1094 978 ’

207 1255 210 1261 ’
286 1253 343 1314 DE
367 1253 617 1319 vocunums
637 1251 990 1336 emundemus
1008 1259 1079 1324 vlo
1097 1259 1213 1324 KOVA

634 1383 872 1448 cunnum

139 1852 144 1866 θ
237 1774 431 1847 vocabula
472 1779 611 1872 quibus
650 1763 786 1874 optimi
810 1741 1226 1876 scriptores‘quoudum'
1252 1741 1310 1851 usi

201 1893 291 1973 sunt,
313 1890 377 1958 sed
412 1894 561 1984 quibus
589 1917 610 1962 a
634 1895 668 1964 S.
691 1893 910 1965 Hilurio'vis
934 1919 1027 1966 nova
1053 1895 1214 1988 subjectu
1239 1901 1306 1980 est,

204 2005 275 2068 tum
294 2003 341 2071 ad
362 2003 614 2075 christianam
629 2007 839 2100 religionem
855 2007 1117 2100 pertinentibus
1133 2015 1211 2078 tum
1226 2031 1310 2100 pro·

205 2111 290 2183 tonis
301 2115 420 2188 rebus
439 2121 681 2210 imponuntur
695 2144 767 2191 uon
787 2145 890 2191 secus
911 2131 1021 2216 utque
1039 2145 1081 2193 cu
1098 2147 1179 2217 quae
1202 2145 1310 2215 supro

206 2233 411 2302 numeravi.

594 2717 738 2788 CAPUT
759 2717 935 2788 Pontou

212 2922 253 2986 u
266 2926 479 2996 roumous
502 2929 584 3008 oon
604 2931 723 2995 nnus
745 2931 792 2994 ru
812 2929 1063 2994 murnum
1089 2927 1312 2992 umerum

492 3058 777 3155 rmmmmus
797 3060 1038 3126 urororrou

707 3229 805 3246 —

259 3393 443 3470 vocabula
459 3400 641 3468 communi
662 3423 729 3469 usu
745 3401 831 3469 trite
842 3399 973 3494 quibus
990 3398 1176 3467 christiani
1196 3397 1308 3488 scrip

221 3510 307 3580 tores
324 3516 388 3583 usi
412 3520 499 3582 sunt
517 3520 558 3583 ut
580 3513 758 3582 inauditus
777 3521 859 3582 aute
875 3513 1070 3582 sententies
1090 3512 1310 3604 explicarent

163 3694 167 3703 ,
221 3619 368 3708 plurima
395 3627 536 3696 suntin
561 3627 703 3718 scriptis
730 3625 767 3694 S.
790 3626 935 3710 lliturii3
957 3648 1037 3718 quae
1060 3622 1203 3718 singulo
1220 3647 1309 3694 enu-

226 3754 350 3810 merare
387 3739 479 3808 nihil
512 3741 649 3824 attinet,
679 3761 765 3838 cum
796 3761 869 3808 non
903 3761 1016 3831 peuce
1049 3739 1088 3808 iu
1103 3759 1107 3765 ·
1124 3738 1309 3831 Scriptura

223 3842 318 3920 Sacra
345 3859 454 3945 atque
477 3852 570 3945 opud
592 3853 781 3944 scriptores
807 3851 1064 3922 ecclesiasticos
1088 3875 1182 3944 saepe
1207 3875 1319 3946 repe·¹

228 3958 367 4035 riantur.
389 3965 483 4035 Satis
503 3967 613 4058 igitur
631 3966 699 4034 erit
723 3965 759 4032 in
781 3963 993 4057 quibusdum
1013 3966 1208 4034 consistere
1227 3990 1307 4058 quae

227 4092 308 4144 nove
332 4083 515 4177 puntssuut
547 4078 672 4147 saltem
711 4079 826 4147 rarius
853 4083 1041 4170 usurputu;
1068 4077 1156 4146 haec
1185 4085 1306 4149 autem

230 4182 319 4261 facile
346 4199 403 4262 est
432 4191 470 4259 in
502 4189 664 4260 ordinem
696 4190 856 4282 redigere
883 4192 1016 4284 quippe
1046 4213 1128 4260 cum
1154 4213 1234 4283 quae
1263 4192 1308 4262 iis

232 4301 441 4392 explicantur
458 4302 516 4372 vel
534 4302 579 4372 ud
600 4302 712 4372 Deum
731 4302 788 4373 vol
807 4303 852 4373 ad
871 4303 1055 4374 Christum
1073 4303 1308 4398 divinumque

232 4407 411 4487 homiuum
432 4415 713 4509 redemptionem
729 4417 940 4510 pertineant.
