3275 5542
768 663 920 716 ..a-

295 819 334 882 ut
359 813 407 882 ita
433 811 744 892 dicam‚·coactum
769 833 848 880 csse
876 808 982 879 rebus'
1009 809 1157 880 occultis
1180 815 1216 880 et
1240 793 1399 902 penitus

293 924 423 995 abditis
441 933 597 994 mentem
617 921 814 1016 applicem
835 929 990 992 ceterum
1010 923 1165 1015 singulis
1184 923 1412 1014 priscorum·

295 1037 586 1132 pbilosophorum
610 1036 654 1106 de
679 1043 807 1106 natum
825 1035 975 1104 deorum
1000 1035 1171 1106 doctrinis
1190 1059 1276 1105 eum
1307 1059 1400 1104 eru·

285 1133 410 1222 'ditum
429 1175 506 1221 esse
526 1149 695 1220 omnibus
711 1149 938 1242 perspicuum
957 1154 1043 1226 esti.

342 1265 501 1357 Denique
521 1263 564 1332 ad
589 1263 704 1333 Sacra·
738 1263 932 1355 Scriptura·
957 1261 1116 1332 studium
1143 1285 1182 1330 se
1216 1261 1397 1346 contulit,

296 1379 393 1471 prius
413 1379 520 1447 etiam
532 1401 638 1470 quam
651 1375 833 1447 Christum
852 1383 1123 1460 assectatuscst,
1146 1381 1283 1469 quippe
1300 1399 1395 1446 cum

296 1491 477 1584 adipsum
497 1517 517 1560 a
537 1491 636 1562 cultu
656 1491 806 1560 deorum
825 1490 1047 1560 avocandum
1064 1490 1245 1570 assiduam
1267 1491 1398 1561 Sacra!

296 1607 486 1698 Scriptura·
508 1605 695 1674 lectionem
707 1627 875 1696 magnam
889 1603 1141 1675 rimbabuisse
1158 1612 1395 1697 compertum

296 1721 375 1788 sit².

342 1831 409 1902 Ubi
430 1855 513 1902 vero
542 1831 748 1901 christianis
774 1831 997 1911 consociatus
1025 1840 1091 1914 est,
1113 1837 1235 1924 utpote
1265 1815 1397 1900 omnis

296 1947 403 2016 ollreii
418 1945 717 2038 diligentissimus
736 1945 834 2016 etde
853 1967 954 2014 novae
982 1943 1164 2039 religionis
1187 1945 1396 2045 commodis

298 2061 493 2152 plurimum
513 2063 687 2152 cogitans,
704 2061 868 2130 omnium
884 2060 922 2129 in
941 2084 978 2130 se
997 2083 1057 2129 ora
1078 2083 1160 2129 mox
1188 2061 1393 2142 convertit3

297 2175 470 2268 paucique
491 2181 629 2244 tantum
645 2175 730 2250 anni
754 2174 1028 2244 intercesserant
1046 2195 1129 2243 eum
1152 2163 1394 2246 Pictavicnsis

297 2289 483 2382 episcopus
503 2295 642 2358 creatus
662 2295 727 2358 est.
746 2288 825 2370 Quo
843 2309 886 2356 ex
899 2293 1068 2381 tempore,
1091 2293 1132 2356 ut
1151 2309 1300 2357 mamere
1323 2309 1394 2356 suo

295 2402 522 2472 laudabiliter
541 2403 762 2496 iungeretur,
791 2425 834 2471 ea
859 2402 1068 2470 necessitate
1091 2402 1307 2470 constrictus
1334 2407 1394 2470 est

296 2524 336 2586 ut
354 2517 496 2586 Sacram
511 2517 731 2609 Scripturam
752 2515 963 2608 diligentius
979 2522 1217 2608 cognesceret,
1232 2537 1392 2608 eamque

295 2629 382 2700 adeo
413 2631 571 2700 studiose
606 2629 804 2722 exploravit
845 2635 884 2696 ut
922 2629 1100 2721 praecipua
1134 2625 1214 2720 ejus
1251 2630 1392 2721 scripta

296 2768 423 2836 nempe
442 2745 620 2814 Tractatio
638 2723 743 2836 sepner
752 2745 927 2828 Pserimos,
946 2743 1222 2816 detrimentorum
1242 2743 1280 2812 in
1291 2747 1391 2812 Mat-

296 2859 433 2944 raama,
449 2858 547 2927 Liber
566 2857 608 2926 de
630 2861 657 2926 Τ
655 2847 811 2942 unitate,
830 2860 965 2951 ingenti
980 2859 1139 2929 locorum
1165 2880 1209 2927 ex
1232 2840 1390 2950 utroque

294 2973 519 3043 Testamento
534 2978 782 3064 excerptorum
802 2975 903 3065 copia
916 2972 1050 3066 repleta
1069 2974 1154 3042 sint.

342 3089 406 3157 Cui
427 3088 572 3156 Sacram
600 3087 821 3177 Scriptorum
844 3087 1039 3180 perlegenti
1063 3110 1148 3158 sane
1175 3083 1241 3155 sub
1273 3107 1388 3155 manu

296 3203 363 3271 fuit
381 3200 540 3270 eadem
524 3219 568 3267 an
589 3199 742 3269 latinum
762 3223 949 3285 couversa;
971 3223 1059 3293 quas
1079 3223 1164 3270 vero
1186 3200 1386 3292 inspexerit

297 3313 595 3385 translationes'
567 3336 643 3384 srne
662 3336 760 3382 mora
778 3336 968 3406 exponam.

250 3456 255 3462 ·
341 3429 528 3498 Neminem
546 3450 630 3496 sane
643 3427 735 3518 fugit
751 3430 1004 3496 Testamentum
1017 3435 1053 3497 et
1076 3431 1179 3498 Vetus
1194 3435 1230 3498 et
1246 3429 1386 3496 Nouum

296 3543 428 3635 partim
449 3541 611 3610 hebraice
632 3542 762 3633 partim
782 3563 896 3634 graece
916 3542 1031 3634 primo
1051 3547 1248 3626 exaratum,
1274 3541 1387 3610 latine

297 3656 340 3726 ab
375 3656 479 3724 initio
513 3653 678 3724 Ecclesia».
711 3654 892 3724 redditum
916 3677 1008 3735 esse,
1036 3653 1080 3724 ad
1111 3640 1387 3747 obsequendum

228 3769 231 3776 ⁴
298 3793 422 3839 eorum
454 3769 628 3839 volantati
659 3769 721 3862 qui
750 3769 861 3838 latine
893 3774 1035 3837 tantum
1063 3769 1232 3854 scientesj
1264 3767 1388 3836 divina

296 3885 429 3974 scripta
446 3883 482 3951 in
503 3883 653 3976 patriam
673 3882 837 3974 linguam
856 3904 1025 3980 conversa
1041 3881 1159 3976 legere
1181 3879 1383 3973 cupiebant.

298 3983 418 4081 Quaea
438 3997 562 4066 multis
581 4019 751 4066 conversa
768 4019 845 4065 esse
871 4005 906 4064 et
932 3993 1101 4065 dissimili
1129 3994 1385 4067 vocabulorum
1420 4057 1423 4062 .

279 4117 477 4214 ¹contentu,
495 4133 577 4225 vero
593 4111 797 4202 proximum
817 4111 903 4184 esti.
930 4108 998 4179 Sed
1018 4133 1059 4178 ex
1080 4110 1125 4179 iis
1144 4108 1386 4179 translationi·

330 4262 353 4312 l.
373 4261 411 4310 De
424 4247 532 4317 Trinit.
550 4259 608 4320 1,4.

329 4334 354 4382 t.
374 4332 410 4381 Dc
424 4330 532 4391 Trinit.
547 4330 568 4390 1
583 4332 607 4381 4.
1383 4339 1389 4346 ·

330 4407 353 4454 4.
371 4402 411 4454 Gl.
427 4403 543 4463 Bonnet‚
557 4401 582 4452 tc
596 4401 674 4452 Latin
691 4401 725 4452 dc
739 4401 869 4466 crepuere
880 4401 914 4452 de
940 4363 1028 4464 Tuan,
1054 4414 1082 4466 p.
1102 4402 1205 4463 5t;-
1226 4402 1253 4453 S.
1276 4362 1389 4471 berger.

300 4474 399 4572 uallet.
412 4476 487 4536 cra't.
500 4477 529 4526 ta
543 4474 698 4541 septembre
711 4475 781 4536 4444,
793 4487 823 4540 p.
837 4471 897 4524 444.
