3275 5542
758 655 932 713 sss—

303 813 470 898 possunt;
504 805 639 878 etenim
669 803 739 875 alia
766 805 863 898 apud
879 807 1070 898 scriptores
1094 808 1277 900 profanos
1308 826 1414 897 repe-

303 913 457 998 riuntur,
477 912 549 984 ulia
572 911 668 1008 apud
688 911 879 1004 scriptores
898 912 1172 1026 ecelesiasticos3
1192 919 1330 984 cetera
1349 934 1414 980 au·

303 1033 373 1098 tem
392 1025 437 1097 ab
454 1027 531 1122 ipso
549 1027 587 1100 S.
610 1025 746 1096 Hilario
766 1027 880 1118 repeti
899 1033 1062 1119 possunt.

286 1209 289 1216 .
346 1139 473 1222 Quaee
500 1141 659 1235 profanis
687 1139 922 1234 scriptoribus
950 1148 1116 1234 excerpta
1143 1147 1248 1224 sunt,
1279 1162 1415 1210 occur·

302 1261 387 1324 runt
407 1253 479 1322 alia
494 1255 589 1348 apud
610 1261 747 1324 veteres
763 1275 894 1346 nempe
907 1253 1073 1338 Ennium,
1093 1254 1289 1339 Catonem,
1309 1252 1415 1324 Luci·

305 1367 407 1454 lium,
435 1367 616 1452 Plautum,
637 1365 1093 1452 Terentium,bncretium;
1111 1367 1185 1436 alia
1200 1367 1310 1461 apud
1329 1388 1414 1458 poe-

305 1489 358 1554 tas
376 1481 438 1574 qui
455 1505 476 1552 a
490 1481 658 1552 Cicerone
674 1479 718 1552 ad
729 1480 925 1574 Apuleium
941 1481 1152 1565 floruerunt,
1167 1504 1311 1574 nempe
1321 1480 1436 1575 §Ver-5

305 1594 662 1690 gilium„0vidium,
696 1594 934 1688 Propertium,
963 1595 1179 1674 blartialem,
1215 1596 1411 1678 Persium,

304 1707 528 1792 iuvenalem,
560 1709 746 1793 Senecam,
782 1707 953 1795 Statium,
985 1709 1170 1778 Valerium
1208 1709 1409 1791 Flaccum
1473 1689 1479 1697 ⁴

305 1819 375 1892 alia
400 1819 492 1913 apud
515 1821 744 1906 recentiores,
772 1843 903 1913 nempe
930 1821 1063 1891 bulum
1084 1821 1260 1908 Gellium,
1285 1821 1411 1915 Ulpia·

302 1957 402 2020 num,
423 1933 640 2028 Apuleium!
1384 2021 1391 2032 .

350 2049 434 2134 Qua
449 2054 613 2142 excerpta
630 2054 715 2120 sunt
727 2073 769 2120 ex
787 2049 1022 2142 scriptoribus
1033 2050 1290 2122 ecelesiasticis
1303 2072 1405 2144 repe·

303 2163 446 2234 riantur
464 2187 547 2234 eum
568 2163 661 2258 apud
682 2169 819 2234 veteres
839 2186 1022 2234 sacrorum
1040 2163 1216 2244 librorum
1243 2165 1405 2237 transla-

304 2285 410 2365 tores,
432 2284 510 2348 tum
530 2277 624 2370 apud
643 2278 836 2370 scriptores
854 2278 919 2370 qui
938 2277 975 2348 S.
993 2278 1172 2349 llilarium
1186 2287 1294 2352 aetate
1313 2303 1428 2375 prae·-

303 2393 520 2478 currerunt,
539 2391 677 2462 scilicet
702 2392 739 2464 S.
768 2391 894 2462 lrenaei
928 2391 1172 2486 interpretem,
1198 2395 1403 2465 llinucium

303 2506 471 2591 Felicem,
485 2504 760 2590 Tertullianum,
773 2503 811 2575 S.
829 2503 1059 2600 cyprianum,
1081 2507 1398 2590 Commodianum,

301 2620 494 2690 Firmicum
512 2618 728 2702 Maternum,
749 2618 986 2704 Lactantium,
1007 2619 1221 2691 Arnobium.

346 2733 447 2818 Quod
473 2733 600 2804 attinet
627 2733 672 2803 ad
692 2755 734 2804 ea
761 2755 843 2826 quae
869 2732 914 2804 ab
942 2733 1020 2826 ipso
1047 2733 1084 2804 S.
1111 2735 1250 2806 liilario
1282 2732 1396 2828 repeti
1428 2734 1434 2753 '

301 2855 462 2943 possunt,
483 2871 556 2918 non
583 2869 696 2940 pauca
714 2853 908 2916 occurrunt
927 2869 1006 2940 quae
1027 2871 1143 2941 operre
1167 2851 1325 2941 pretium
1343 2853 1396 2918 est

300 2963 492 3055 diligenter
510 2960 749 3032 considerare.

346 3077 469 3146 Dicam
498 3077 614 3170 primo
639 3073 813 3146 nonnulla
839 3097 884 3144 ex
907 3075 952 3146 iis
977 3075 1118 3147 nullam
1141 3076 1175 3146 ei
1198 3077 1392 3148 utilitatem

302 3191 477 3276 attulisse,
505 3214 588 3262 cum
618 3191 749 3260 usitata
776 3189 995 3284 jampridem
1028 3189 1202 3261 voeabula
1234 3214 1320 3262 eum
1354 3190 1391 3258 in

246 3313 248 3317 ’
300 3304 520 3398 explicandis
541 3303 672 3374 mentis
701 3325 775 3374 suae
798 3304 927 3388 sensis,
947 3302 992 3374 ab
1011 3305 1111 3374 omni
1135 3293 1300 3376 molestia
1317 3303 1391 3400 ple-

300 3441 451 3512 rumque
466 3417 749 3510 expedivissent3
769 3418 834 3502 sio,
848 3423 890 3486 ut
904 3441 1018 3510 pauca
1035 3408 1177 3489 tantum
1187 3419 1388 3514 designem,
1488 3473 1491 3483 .

296 3519 451 3622 praeitor,
460 3523 672 3618 preteritae,
692 3523 911 3610 deborrestcs,
923 3523 1085 3612 dealitas,
1100 3525 1387 3608 obruereturatie,

295 3635 579 3734 [reperentubilia
587 3636 778 3731 peredeus,
792 3635 1046 3724 indesecabilis,
1061 3638 1279 3736 insalutaris,
1289 3641 1387 3711 iner-

301 3749 466 3848 parisitus,
508 3751 719 3837 inexcessus,
753 3765 981 3846 perrperture,
1019 3751 1235 3847 adblandiri,
1272 3737 1415 3858 'repro-¹

172 3871 173 3874 ’
267 3881 270 3885 ’
300 3865 435 3950 velere,
457 3864 688 3959 disproficere,
711 3864 985 3958 inculpabiliter,
1010 3871 1109 3936 etc...
1130 3866 1405 3939 submittemus

301 3987 359 4050 tur
375 4003 438 4072 pro
456 3979 639 4050 vocabulis
655 3977 730 4071 jam
753 3981 848 4048 tritis
868 4003 948 4072 qua·
966 3979 1062 4050 idem
1088 3983 1235 4051 omnino
1255 3982 1383 4069 valent.

345 4093 476 4164 Verum
501 4093 572 4164 alia
601 4093 724 4186 procul
748 4091 859 4162 dubio
884 4092 1194 4178 desiderabantur;
1216 4089 1386 4166 memine-

298 4210 411 4277 rimus
431 4209 528 4277 enim
544 4208 606 4278 diu
624 4207 821 4300 acriterque
842 4205 879 4276 S.
896 4207 1073 4277 Hilarium
1095 4207 1268 4280 adversus
1289 4211 1385 4280 bria·

299 4345 364 4392 nos
388 4322 587 4394 decertasse
614 4329 722 4418 atque
750 4327 897 4413 excepto
920 4325 1082 4391 Tractare
1105 4346 1213 4416 super
1229 4322 1384 4396 Psalmos

299 4443 335 4507 et
361 4437 617 4510 Gonrmeatario
641 4437 679 4507 in
708 4435 924 4518 Mendaeum,
956 4443 1030 4507 nori
1053 4438 1160 4520 modo
1187 4437 1320 4516 librum
1345 4439 1386 4510 de

1264 4556 1282 4612 l
