3275 5542
315 777 433 863 latini'
448 795 648 886 scriptores,
677 795 788 866 animi
814 794 954 865 cultura
981 793 1043 862 alii
1068 792 1113 862 ab
1136 793 1219 863 aliis
1245 794 1401 864 multum

256 947 259 952 -
315 905 582 976 dissentiebant.
613 908 656 977 Et
684 931 769 978 vero
797 908 974 977 Minucius
1007 905 1105 975 Felix
1133 912 1169 975 et
1197 905 1402 976 lactantius

207 1077 211 1086 .
265 999 268 1006 ¹
316 1019 375 1088 cui
411 1041 492 1089 cum
530 1021 683 1091 Minucio
718 1021 879 1112 proxima
911 1019 1075 1112 cognatio
1107 1025 1162 1088 est
1193 1041 1398 1112 quanquam

259 1119 263 1126 ’
316 1127 431 1198 multo
463 1138 541 1220 post
576 1132 707 1216 floruit,
740 1131 921 1200 informati
956 1134 1040 1198 sunt
1071 1135 1211 1198 tantum
1240 1136 1401 1199 veterum
1511 1188 1515 1195 .

315 1242 554 1313 Romanorum
574 1243 762 1328 artibus‚et
787 1245 953 1336 quamvis
979 1243 1111 1313 Christi
1134 1233 1287 1312 studiosi
1314 1243 1400 1328 sint,

314 1355 513 1424 StoIcornm
542 1357 767 1448 disciplinam
797 1380 870 1426 non
899 1357 1046 1426 omnino
1069 1353 1272 1446 ejecerunt}
1300 1355 1401 1424 Chri·

316 1473 411 1536 stum
443 1469 536 1538 enim
573 1469 826 1562 sequebantur,
865 1470 951 1561 quia
985 1468 1219 1561 profitebatur
1254 1451 1401 1538 unicum

316 1604 391 1650 esse
423 1583 532 1652 Deum
555 1589 605 1653 ‘et
634 1583 677 1653 ad
712 1585 839 1654 miram
871 1584 952 1652 vitre
982 1583 1209 1652 sanctitatem
1237 1581 1401 1652 homines

315 1695 580 1781 cohortabatur;
607 1697 668 1767 sed
689 1699 726 1766 in
748 1720 899 1766 numero
917 1695 1167 1788 theologorum
1186 1695 1292 1766 rebus
1310 1695 1402 1766 divi·

315 1808 373 1876 nis
392 1807 611 1880 eruditorum
625 1811 749 1904 reponi
766 1833 838 1879 non
856 1815 1018 1902 possunt,
1032 1815 1069 1879 et
1082 1808 1259 1878 scribendi
1273 1831 1401 1902 genere

314 1944 337 1990 a
355 1923 534 1992 veteribus
553 1923 785 2017 scriptoribus
804 1908 878 1993 non
898 1923 1052 1993 multum
1072 1922 1257 1992 dilierunt.

361 2036 407 2105 At
425 2044 546 2106 contra
565 2038 805 2108 Tertullianus
833 2044 869 2108 et
893 2037 956 2130 qui
975 2036 1020 2106 ab
1045 2059 1087 2107 eo
1106 2044 1191 2106 sunt
1205 2035 1400 2130 Cyprianus

315 2155 352 2218 et
378 2150 554 2222 Arnobius
582 2153 739 2222 semitica
776 2160 810 2222 et
840 2152 1005 2221 orientali
1032 2152 1161 2220 imbuti
1186 2157 1271 2220 sunt
1298 2151 1401 2222 disci·

303 2263 427 2354 plina,
447 2271 552 2356 atque
576 2287 654 2334 eam
677 2266 851 2336 sermonis
871 2265 1086 2359 elegantiam
1106 2287 1214 2356 quam
1234 2287 1398 2357 prosecu·
1445 2301 1448 2308 ·

315 2385 373 2445 tus
390 2377 570 2448 'Minucius
598 2379 696 2448 Felix
726 2381 775 2449 ita
804 2380 1037 2472 consequitur
1053 2385 1104 2468 ⁴ut
1124 2379 1338 2448 Frontonem
1363 2386 1399 2449 et

166 2493 170 2503 '
236 2560 243 2566 .
316 2489 508 2590 Apuleium
536 2497 572 2562 et
596 2492 730 2564 Aulum
756 2493 912 2563 Gellium
938 2492 1080 2562 dicendi
1098 2501 1175 2562 arte
1192 2493 1396 2576 antecellat,

316 2603 468 2695 superbe
506 2605 747 2676 Tertullianus
784 2600 995 2678 contemnit¹
1020 2613 1143 2699 utpote
1181 2606 1398 2676 redolentem

220 2725 224 2734 '
316 2717 447 2787 falsum
467 2718 613 2788 deorum
642 2722 779 2791 cultum
799 2709 885 2791 cum
906 2744 978 2813 quo
997 2719 1155 2812 aliquam
1175 2721 1399 2812 conjunctio·
1441 2776 1445 2786 .

316 2854 398 2900 nem
419 2832 486 2902 sibi
506 2855 582 2902 esse
601 2833 749 2904 moleste
768 2837 916 2928 patitur.

363 2944 459 3028 Quod
489 2945 532 3015 ud
560 2947 597 3016 S.
626 2947 801 3018 Hilarium
829 2955 975 3040 spectat,
1005 2971 1077 3018 non
1110 2947 1249 3028 iisdem,
1269 2946 1399 3039 quibus

316 3057 555 3130 Tertullianus
575 3061 859 3132 institutionibus
876 3068 930 3132 est
944 3062 1117 3148 eruditus,
1131 3085 1247 3154 neque
1260 3068 1400 3130 tantum
1433 3051 1436 3054 ⁴

280 3201 287 3210 ·
316 3171 360 3241 ad
396 3196 579 3243 romanam
611 3174 870 3245 humanitatem
901 3177 1116 3246 informatus
1149 3181 1190 3246 ut
1222 3174 1400 3244 Minucius

316 3284 415 3356 Felix
442 3295 476 3357 et
502 3289 720 3376 Lactantius;
749 3291 810 3361 sed
836 3293 875 3360 in
899 3315 940 3362 eo
966 3292 1152 3386 ingenium
1177 3313 1259 3360 cum
1282 3273 1399 3359 roma·

315 3424 402 3469 num
423 3409 498 3471 tum
517 3404 858 3495 precorlrristionum
877 3407 1031 3499 quadam
1051 3407 1218 3478 societate
1243 3406 1399 3497 primum
1472 3403 1496 3486 J

243 3509 246 3515 ’
311 3495 534 3608 ᾗιιῐιςιιιιίιιτ.ο
956 3606 959 3613 ⁴
1105 3529 1137 3604 J
1378 3595 1380 3599 .

361 3626 593 3712 Quamobrem
614 3657 748 3703 novum
777 3658 898 3704 rerum
918 3620 1095 3723 ordinem,
1121 3646 1163 3709 ut
1187 3641 1238 3710 ita
1268 3641 1397 3727 dicam,

317 3741 489 3826 instituit3
523 3745 654 3814 etenim
674 3745 804 3816 latinos
831 3747 952 3818 docuit
980 3749 1228 3845 theologorum
1248 3731 1400 3824 Alcaco·
1433 3737 1439 3745 ”

317 3853 495 3924 ‹lrinorum
520 3857 746 3951 disciplinam
778 3862 917 3946 sectari,
944 3863 1054 3934 idest
1081 3865 1273 3958 nlleqorico
1292 3871 1399 3939 inter-

318 3970 510 4060 pretatione
530 3973 582 4042 uti
602 3973 639 4042 in
658 3974 879 4068 explananda
898 3976 1007 4047 Sacra
1028 3979 1213 4076 Scriptura
1230 3988 1336 4074 atque
1355 3982 1399 4051 ad

309 4081 568 4154 'altissimarum
592 4110 709 4157 rerum
737 4091 1075 4182 contemplationem
1114 4116 1151 4162 se
1179 4095 1331 4186 erigere3
1364 4102 1399 4165 et

318 4219 438 4266 revera
456 4197 494 4267 S..
512 4199 723 4270 Ambrosius
751 4209 786 4272 et
813 4203 851 4272 S.
873 4204 1111 4300 Hieronymus
1135 4190 1176 4276 d
1200 4209 1236 4278 S.
1258 4210 1413 4302 Augus-³
