3275 5542
645 1205 1021 1350 pneumon

234 1747 236 1750 .
332 1693 398 1776 Qui
412 1692 590 1786 quondam
605 1709 660 1763 res‘
677 1693 857 1764 Gallorum
872 1695 1084 1788 attigerunt,
1102 1716 1162 1764 eos
1172 1699 1378 1762 memorant

228 1901 232 1907 ι
288 1807 396 1876 luisse
418 1807 560 1900 ingenio
588 1815 780 1900 promptos,
803 1817 840 1879 et
861 1809 1034 1878 orationis
1049 1831 1133 1878 cum
1160 1809 1274 1877 nitore
1293 1814 1376 1877 tum

288 1921 390 2014 copie
408 1920 646 1993 excelluisset.

333 2034 426 2118 Quas
446 2035 556 2104 enimi
583 2035 682 2106 dotes
707 2045 836 2106 netum
859 2035 984 2106 hebuit
1007 2035 1043 2106 S.
1069 2035 1224 2104 Hilarius
1246 2037 1308 2129 qui
1334 2037 1373 2104 in

288 2147 417 2240 oppido
446 2155 508 2218 eut
541 2147 667 2220 saltem
698 2150 735 2218 in
769 2173 855 2243 agro
893 2149 1105 2220 pictaviensi
1137 2156 1243 2218 notus
1274 2155 1372 2234 erut;

288 2263 420 2332 etenim
444 2263 480 2331 in
504 2263 609 2334 rebus
636 2265 778 2356 penitus
807 2263 937 2333 abditis
962 2286 1105 2333 summo
1131 2285 1213 2332 cum
1236 2262 1373 2333 honore

289 2400 364 2446 sese
388 2379 557 2462 exercuit,
582 2384 617 2448 et
641 2401 706 2448 suo
732 2377 870 2448 dicendi
898 2401 1025 2471 genere
1049 2376 1179 2469 dignus
1197 2377 1295 2446 visus
1318 2384 1374 2446 est
1400 2397 1406 2404 ·

289 2493 350 2584 qui
371 2491 490 2560 latinu)
508 2491 711 2586 eloquentie
732 2491 937 2561 Rhodanus²
954 2491 1206 2584 appellaretur.

334 2605 375 2674 ln
389 2605 504 2674 lucem
519 2613 702 2697 susceptus
716 2613 767 2674 est
781 2607 921 2698 incepto
932 2605 1026 2674 lruud
1043 2605 1092 2674 ite
1107 2603 1371 2698 pridemquurto

290 2723 369 2809 post
388 2716 567 2786 Christum
597 2723 730 2786 notum·
751 2717 894 2800 seculo,
928 2739 970 2785 ex
1002 2715 1209 2809 perentibus
1227 2715 1372 2786 ethnicis
1452 2753 1455 2756 ·

220 2895 222 2898 .
289 2836 387 2900 ortus
407 2838 446 2900 ut
463 2830 587 2900 confici
613 2837 729 2922 potest
752 2830 929 2923 exprimo
957 2829 1121 2922 opusculi
1140 2829 1182 2900 de
1205 2829 1373 2900 Trinitute

289 2944 394 3029 libro,
431 2945 466 3012 in
493 2967 562 3038 quo
586 2950 707 3014 narret
733 2967 804 3036 quo
838 2932 989 3013 fortune
1015 2945 1185 3014 varietate
1207 2967 1228 3013 a
1253 2967 1372 3036 provo

290 3058 437 3128 deorum
456 3057 553 3127 cultu
567 3057 611 3127 od
625 3059 856 3128 christianum
873 3058 1083 3150 religionem
1100 3057 1280 3128 traductus
1288 3059 1335 3129 sit
1343 3061 1368 3130 ³.

314 3233 316 3240 ,
337 3171 441 3241 Exeo
459 3179 577 3242 autom
598 3171 690 3264 quod
713 3173 869 3242 ethnicus
888 3179 964 3242 emt
978 3173 1169 3265 elingenio
1187 3177 1372 3264 promptus

290 3285 413 3355 confici
434 3286 539 3354 otiam
565 3293 736 3386 potestut
753 3294 868 3356 lotum
890 3287 984 3356 sein
1005 3288 1221 3380 optimarum
1242 3288 1370 3357 artium

291 3399 407 3470 studio
451 3399 651 3486 collocarit3
700 3401 795 3494 quod
844 3401 939 3471 haud
982 3403 1055 3472 scio
1099 3425 1145 3470 un
1182 3387 1367 3487 evenisset,

291 3515 321 3584 si
347 3514 515 3584 coluisset
542 3537 690 3606 apuero
717 3515 993 3585 ,christianorum
1018 3515 1259 3609 disciplinam,
1287 3538 1369 3586 cum

291 3628 470 3696 neminem
488 3627 601 3720 lugiet
614 3628 745 3698 multos
764 3631 856 3698 inter
868 3628 1081 3715 christianos
1101 3630 1275 3698 exstitisse
1294 3651 1370 3698 cos·
1429 3623 1449 3697 s

290 3740 442 3832 demque
461 3739 691 3833 gravissimos
711 3744 772 3834 qui
790 3766 933 3812 omnem
952 3741 1175 3833 despicerent
1188 3741 1369 3812 liberalem

210 3937 212 3941 ¹
290 3855 497 3940 doctrinam,
514 3879 620 3947 quum
642 3878 724 3926 cum
740 3857 868 3926 Christi
883 3856 1042 3926 doctrina
1063 3855 1162 3925 nullo
1177 3857 1281 3926 modo
1296 3880 1369 3927 esse

290 3991 393 4060 posse
413 3967 698 4039 arbitrarenturt.
1044 3966 1049 3971 ’
1111 3961 1115 3970 ’

322 4156 344 4204 l.
363 4153 402 4204 Ci.
420 4154 496 4205 Diod.
512 4154 575 4217 Sic,
587 4154 609 4204 V
620 4170 628 4217 ;
641 4182 671 4192 -
691 4156 780 4216 Coos„
799 4152 856 4204 ltel.
876 4154 960 4214 (laid,
977 4155 1039 4215 vl1;
1054 4182 1086 4192 -
1098 4153 1219 4224 Hieron,
1231 4155 1316 4222 opor.
1329 4159 1360 4210 95

322 4227 345 4275 2.
364 4226 484 4287 llieron.¹
500 4226 647 4278 Comrnent.
662 4227 691 4275 in
704 4225 789 4293 Epist.
803 4226 841 4276 ad
856 4225 928 4289 ean,
940 4224 990 4277 lib.
1005 4225 1055 4285 lt„

323 4299 346 4348 3.
364 4297 403 4348 Gi.
421 4298 459 4348 De
476 4298 583 4359 Trinit„
597 4297 617 4360 Ι,
630 4299 696 4349 3-10.
1284 4363 1287 4368 ¹
1308 4321 1330 4362 ,·
1380 4333 1384 4340 -

322 4370 349 4419 t:
364 4367 402 4419 Cf.
415 4370 497 4432 lert,
515 4369 551 4420 De
564 4369 697 4435 Spemne,
710 4369 793 4419 xvnr
806 4383 812 4418 :
825 4386 841 4416 e
853 4369 1010 4420 Doctrinom
1024 4368 1331 4423 secularistiueruure
1344 4375 1371 4423 et

291 4439 416 4493 stultitiae
430 4441 502 4508 opud
516 4442 598 4493 Deum
611 4443 771 4508 deputatum
785 4455 997 4508 aspernemur.»
1242 4463 1247 4470 ¹
