3275 5542
274 789 348 872 ero
369 789 446 858 loco
466 791 646 880 magistris
677 814 764 859 usus
784 789 830 858 sit
855 789 1066 881 ambigitur;
1084 779 1159 858 veri
1193 795 1316 873 tomen
1389 823 1397 833 ·

195 947 197 950 -
232 902 344 972 simile
376 907 438 996 est¹
465 925 559 984 eum,
588 901 754 972 studendi
789 927 909 985 causa,
945 903 1093 974 Pictavii
1127 902 1316 986 mansisse,

230 1017 357 1106 quippe
377 1039 463 1084 oum
488 1017 525 1083 in
545 1039 585 1085 ea
611 1017 754 1085 civitate
772 1040 845 1085 non
871 1038 972 1085 secus
998 1022 1105 1108 atque
1133 1016 1171 1083 in
1194 1016 1321 1108 praeci·

226 1129 303 1218 puis
321 1127 447 1196 Gallia·
467 1128 669 1198 civitatibus
689 1128 848 1198 discendi
868 1128 974 1218 ludus
993 1135 1106 1212 osset;
1131 1130 1316 1198 Ausonius

229 1242 322 1309 euim
351 1243 414 1332 qui
443 1242 511 1310 luit
537 1225 756 1333 temporibus
776 1241 904 1311 iisdem
930 1239 1060 1333 quibus
1083 1242 1120 1312 S.
1143 1241 1314 1325 Hilarius,

228 1353 313 1423 duos
341 1340 718 1447 nominatim'profert
750 1378 879 1452 nempe
911 1355 1187 1447 grammaticum
1221 1357 1316 1426 dna·

228 1469 372 1536 stasium
405 1475 440 1538 et
471 1469 647 1538 rhetorem
674 1469 804 1538 Rufum
838 1469 914 1561 qui,
939 1467 1025 1537 dum
1054 1469 1129 1561 ipse
1159 1469 1313 1555 vivebat,
1410 1543 1414 1550 ,

228 1581 362 1650 dicendi
385 1588 563 1674 praecepta
583 1583 729 1652 Pictavii
752 1581 965 1651 tradebant¹.

267 1693 319 1764 Ad
339 1719 433 1786 quos
461 1705 580 1764 autem
599 1697 691 1765 inter
706 1702 844 1764 veteres
870 1693 1196 1786 scriptores'studia
1212 1695 1314 1766 inoli-

224 1808 374 1888 uaverit,
408 1831 451 1876 ex
487 1809 626 1900 scriptis
655 1809 733 1900 ejus
763 1831 842 1900 quae¹
866 1832 939 1877 non
967 1807 1314 1902 excideruntcolligi

153 1903 160 1913 .
225 1944 291 1989 non
308 1928 438 2012 potest.
461 1910 585 1991 Fateor
609 1922 752 2013 quidem
773 1929 938 1991 sanetum
958 1922 1217 2014 Hieronymum
1238 1921 1315 1992 haec

221 2033 352 2104 babere
375 2057 384 2104 ι
405 2067 423 2099 «
446 2035 643 2128 Hilarius...
674 2033 863 2104 duodecim
893 2035 1105 2118 Quintiliani
1140 2034 1254 2128 libros¹
1279 2041 1323 2112 et,

227 2149 306 2218 stilo
334 2151 499 2218 imitatus
530 2157 585 2218 ost
616 2157 650 2217 et
681 2150 864 2218 numeral.
890 2178 907 2210 a
939 2148 1071 2217 Verum
1104 2147 1169 2218 lroo
1199 2172 1315 2242 neque

228 2261 262 2329 in
295 2263 449 2333 dubium
478 2264 595 2354 vocari
631 2270 745 2355 potest
773 2285 855 2332 oum
884 2285 957 2330 non
982 2263 1162 2354 supersint
1194 2264 1315 2332 omnia
1422 2309 1427 2316 -

154 2360 160 2368 ¹
228 2377 261 2444 S.
285 2377 415 2446 Hilarii
436 2378 579 2469 scripta,
598 2401 712 2469 neque
735 2381 858 2445 contra
878 2383 1055 2468 procerte
1076 2375 1208 2458 haberi,
1232 2399 1312 2445 cum
1415 2375 1420 2378 ’

212 2489 267 2558 ’,ιιι
285 2491 330 2559 iis
358 2497 664 2583 quae'suporsunt‚
685 2513 810 2560 vorum
838 2489 969 2559 dixisse
993 2489 1031 2559 S.
1055 2490 1314 2582 Hieronymum
1348 2493 1353 2499 ’

226 2604 364 2674 ostendi
385 2628 458 2674 non
476 2605 611 2696 possit..

188 2702 191 2706 ⁵
270 2715 393 2809 Neque
407 2703 566 2786 versatus
586 2725 638 2786 est
659 2724 797 2786 tantum
818 2718 856 2785 in
873 2717 991 2786 studio
1012 2717 1215 2786 litterarum
1234 2717 1316 2786 lati-

187 2889 189 2891 .
228 2849 354 2898 narum
382 2829 511 2922 quibus
534 2831 687 2898 maximo
707 2829 750 2898 ud
768 2829 1026 2900 humanitatem
1046 2829 1315 2900 Gallo-Romani

163 2953 165 2958 ’
230 2932 526 3042 informabantur,
543 2942 604 3012 sed
619 2942 663 3012 ad
680 2967 811 3036 granas
828 2944 935 3012 etiam
961 2942 1123 3013 animum
1141 2943 1312 3029 intendit3
1381 2992 1384 2998 -

230 3056 440 3128 incredibile
460 3058 553 3127 enim
566 3063 620 3126 est
633 3057 801 3127 resaliter
813 3081 852 3128 se
868 3057 1048 3142 babuisse,
1060 3082 1143 3127 eum
1164 3059 1314 3127 Romani

226 3173 361 3261 graecis
372 3171 658 3240 institutionibus
672 3178 745 3240 tum
759 3171 860 3243 valde
879 3172 1139 3242 delectarentur
1152 3172 1285 3265 atque
1276 3195 1313 3241 ru

227 3283 361 3386 sobolis
380 3286 562 3354 civitatum
582 3285 801 3378 temporibus
831 3285 904 3354 illis
924 3293 1044 3355 essent
1068 3287 1229 3382 magistri
1251 3285 1313 3377 qui

151 3401 156 3414 '
226 3420 359 3488 grecas
374 3399 510 3470 litteras
529 3395 734 3471 docerent³.

151 3501 175 3518 ''
272 3512 438 3582 Celerum
471 3512 556 3582 aS.
585 3502 1031 3606 Hieronymo'accepimus
1069 3535 1150 3582 eum
1182 3535 1314 3604 grecos
1408 3527 1411 3534 ‘

227 3622 364 3696 litteras
394 3625 608 3703 didicisselz
630 3625 752 3717 quod
743 3648 890 3718 insuper
915 3625 1054 3718 exejus
1076 3627 1217 3717 scriptis
1241 3626 1314 3702 col-

228 3737 290 3830 ligr
306 3745 433 3832 potest
446 3746 487 3808 ut
503 3740 596 3808 intra
613 3737 827 3808 videbimus
952 3774 954 3777 ·
1212 3779 1225 3809 ι

161 3839 163 3844 “
248 3855 444 3926 Prarterea
470 3852 703 3946 philosophiae
734 3876 879 3944 operam
906 3851 1021 3931 deditz
1043 3836 1324 3947 'quodltnirum

194 3975 197 3982 “
229 3965 292 4036 tibi
309 3991 393 4038 sune
409 3990 481 4036 nou
495 3954 684 4049 videbitur,
700 3967 729 4036 si
749 3966 910 4037 attendas
925 3967 960 4036 S.
975 3966 1151 4037 Hilarium
1173 3974 1326 4057 natura„
1377 4063 1385 4072 ι
1403 4030 1410 4036 .

259 4160 283 4208 1.
301 4159 394 4209 Αιιεοιι
406 4149 830 4223 1,5νιιῙοιι.,.1;-11ρ19ιι51.Χ

258 4232 284 4281 2.
302 4230 409 4281 llioron.
413 4229 522 4295 ‚Epist
539 4231 578 4291 ⁸³,
591 4194 629 4279 dd
641 4229 809 4294 Muraena
846 4273 849 4277 ,

259 4303 284 4354 3.
301 4303 401 4352 busan.
405 4301 556 4368 ,Priscam
568 4267 641 4352 llllt.
746 4345 749 4351 .

258 4332 1330 4478 euroauster.tetrametro.-upat.a‹11‘ammactr.,·-Coatra'

230 4442 325 4512 Rufio..
341 4443 361 4496 l.
505 4475 509 4481 ·
551 4473 552 4478 =

1094 4583 1331 4614 x
