3275 5542
189 832 192 839 ·
228 812 432 904 Scripturae
454 812 576 899 libris,
598 836 644 883 ne
662 836 778 882 unum
798 810 943 903 quidem
958 808 1108 880 verbum
1124 813 1187 879 eut
1204 807 1331 880 saltem

226 926 455 1018 paucissima
482 924 723 1011 immutando,
747 947 806 995 eas
824 946 968 1017 quoque
986 922 1204 1015 relinquam.

270 1040 324 1109 lte
352 1040 518 1109 sublatis
537 1038 706 1108 omnibus
728 1060 807 1130 quae
834 1036 951 1107 eliens
969 1043 1065 1120 sunt,
1092 1043 1331 1129 praeterquam

225 1151 323 1245 quod
351 1176 375 1223 a
395 1153 462 1223 vin
488 1174 569 1221 mea
587 1173 661 1220 non
680 1149 866 1232 aberrabo,
894 1148 932 1217 in
952 1170 1031 1217 eam
1051 1170 1150 1241 spem
1178 1146 1362 1217 adducor-

226 1272 266 1336 ut
283 1268 368 1359 ipsa
391 1272 462 1336 aut
487 1264 616 1335 sellem
642 1264 715 1333 fere
740 1264 818 1357 ipse
841 1263 1027 1333 llileriene
1051 1264 1225 1357 scripture
1247 1266 1358 1333 ente·

226 1379 351 1451 ocules
372 1378 472 1449 mihi
487 1383 667 1449 versetur.
745 1410 749 1417 ·

571 2210 573 2213 ,
622 2122 767 2199 curui
788 2126 967 2197 rmuuu
1030 2176 1034 2183 .
1329 2195 1338 2213 ,

613 2310 615 2315 ’
691 2300 915 2416 πωπω
1029 2427 1033 2432 ,

137 2840 140 2851 ,
284 2762 394 2847 Quod
418 2763 461 2833 ed
485 2784 600 2856 genus
615 2741 762 2849 ‘attinet
785 2765 823 2834 S.
845 2765 1003 2835 Hilarius
1029 2752 1126 2857 'jusu
1149 2743 1349 2852 reprehen-¹

186 2876 189 2882 '
240 2876 343 2946 sione
364 2882 476 2959 caret,
502 2898 583 2945 cum
604 2874 659 2945 bis
680 2882 820 2947 tuntum
840 2902 862 2947 e
880 2877 1063 2971 communi
1080 2870 1339 2947 consuetudine

240 2988 465 3060 discesserit.
1055 2984 1102 3014 ·“
1200 2985 1203 2990 “

254 3100 256 3104 ¹
282 3138 362 3204 Vox
378 3138 525 3205 feminini
539 3143 669 3227 generis
688 3129 858 3222 convellis,
875 3164 948 3229 qum
962 3142 1082 3228 plureli
1100 3165 1239 3209 numero
1256 3145 1352 3230 ejus.

193 3317 199 3326 ·
243 3236 320 3300 (lem
337 3238 472 3323 generis
490 3247 542 3303 est
562 3240 648 3325 apud
663 3240 806 3325 optimos
821 3241 1013 3326 scriptores,
1027 3242 1066 3305 lit
1079 3242 1228 3307 neutrius
1244 3262 1341 3328 gene·

244 3334 291 3398 ris
307 3333 402 3419 apud
415 3335 450 3399 S.
468 3334 639 3403 Hilarium.
1297 3333 1300 3339 ⁵

219 3528 222 3535 ,
320 3441 443 3615 ...aliene
461 3448 603 3531 convallia
617 3490 685 3548 qum
699 3474 837 3549 aspectui
853 3481 957 3532 nostro
971 3474 1167 3560 subjacent...
1189 3478 1223 3533 lu
1236 3477 1348 3536 Pselm.

267 3578 270 3584 ·
399 3563 464 3630 ‚m
542 3562 544 3566 ·
687 3627 694 3641 .
1346 3560 1350 3565 ’

293 3720 371 3786 Vox
385 3726 517 3811 sputum
530 3740 604 3806 quae
618 3720 767 3784 neutrius
785 3721 917 3807 generis
933 3730 986 3785 est
1004 3719 1090 3806 apud
1105 3721 1292 3786 Petronium
1310 3732 1343 3787 et
1462 3782 1466 3787 .

251 3817 401 3895 Celsum,
417 3816 454 3879 lit
467 3816 640 3882 masculini
655 3817 889 3911 generisepud
905 3818 939 3884 S.
958 3817 1129 3883 Hilarium.

381 3950 469 4024 cujus
490 3946 590 4024 sputus
609 3957 640 4009 et
653 3968 754 4009 sermo
777 3958 888 4011 nutura
913 3953 1052 4027 corporis
1070 3958 1149 4011 est...
1171 3954 1210 4009 De
1227 3954 1354 4026 ltine..

194 4082 197 4091 .
303 4092 307 4100 .
362 4040 398 4113 X,
412 4042 495 4111 m„
848 4047 850 4050 ’
1101 4042 1103 4046 ’
