3275 5542
523 997 765 1109 PARS
806 942 1136 1109 TERTIA

292 1222 297 1233 ¹
433 1286 497 1361 on
517 1220 892 1433 ιοοιιιιιιοιιοιι
912 1286 1287 1440 eneconem

318 1808 355 1879 S.
381 1809 506 1881 Hilarii
531 1812 664 1905 scripta
688 1812 745 1883 vel
771 1814 922 1883 strictim
941 1792 1132 1903 attingenti
1158 1814 1399 1905 perspieirm'

274 1948 356 1993 mox
375 1926 442 1997 erit
470 1950 511 1997 ea
538 1928 665 1997 referta
688 1952 766 1999 csse
792 1951 875 1997 cum
903 1926 1086 1997 vocabulis
1112 1934 1190 1997 tum
1214 1927 1378 1997 locutio·

273 2038 378 2109 nibus
407 2062 448 2109 ex
477 2040 584 2111 Socrn
613 2041 792 2134 Scriptura
817 2041 998 2125 deductis3
1026 2065 1140 2148 neque
1166 2040 1203 2110 id
1228 2044 1375 2120 mirum
1429 2031 1435 2039 ’
1522 2007 1524 2054 ³

274 2151 415 2229 uidetur
434 2176 515 2223 cum
537 2157 718 2223 Tractatus
730 2178 835 2249 super
854 2154 1011 2226 Psotmos
1030 2162 1065 2225 et
1083 2155 1376 2225 Commentarius
1402 2218 1406 2225 .

274 2266 532 2337 indiculorum
558 2270 750 2362 conscripti
775 2270 848 2339 sint
873 2269 916 2339 nd
940 2269 1199 2361 explanandam
1218 2270 1373 2340 Sacram

274 2382 516 2474 Scripturam;
532 2382 622 2455 liber
640 2390 759 2453 autem
777 2382 821 2453 de
837 2384 1018 2469 trinitate,
1036 2382 1127 2452 liber
1140 2382 1182 2452 de
1193 2383 1370 2476 Synodis',
1458 2425 1480 2477 ·.
1522 2349 1524 2372 .

273 2493 358 2564 libri
376 2494 431 2565 vol
451 2496 501 2565 ad
516 2498 759 2567 Corostontium
779 2497 843 2568 vel.
856 2511 978 2567 contra
999 2497 1254 2579 Cortstontium,
1272 2496 1373 2566 liber

275 2624 395 2679 contro
428 2611 643 2681 Auxentium
676 2612 721 2681 ad
752 2610 949 2682 refellenda
983 2613 1198 2681 Arianorum
1235 2610 1336 2681 dicta
1358 2633 1375 2695 ς’
1428 2688 1432 2693 ,
1493 2685 1501 2703 ,

274 2722 369 2827 quod
388 2724 509 2795 minus
526 2748 694 2819 prospere
713 2725 868 2807 cederet,
886 2726 916 2795 si
934 2727 1014 2818 quis
1032 2726 1222 2817 Scriptura
1235 2726 1367 2796 Sacrae
1419 2716 1426 2727 ’

274 2840 519 2909 testimonium
540 2848 713 2933 perpetuo
728 2838 963 2911 denuntiandi
978 2863 1098 2910 curam
1113 2862 1186 2909 ιιοιι
1204 2840 1385 2927 haberet.
1447 2904 1451 2909 .
1479 2850 1484 2863 “

319 2952 427 3045 Atqui
455 2953 575 3046 magni
600 2954 733 3047 nogotii
760 2962 814 3023 est
839 2940 1019 3023 interdum
1047 2951 1246 3022 discernere
1274 2954 1367 3046 quid

274 3064 317 3135 de
341 3064 597 3136 vocabulorum
622 3068 858 3171 structuraS
880 3066 1016 3137 Hilario
1039 3060 1350 3170 assignandum
1317 3092 1370 3138 vr·
1417 3121 1420 3124 -
1522 3105 1524 3158 i

274 3178 419 3265 deatum
446 3203 518 3273 quo
547 3180 688 3251 felicius
717 3204 793 3251 rem
826 3204 1007 3274 geramus,
1039 3180 1113 3250 haec
1145 3189 1266 3251 nostre
1296 3182 1369 3285 erit
1456 3225 1458 3229 ι

273 3293 375 3363 ratio.
1355 3355 1359 3361 .

322 3408 453 3492 Primo,
478 3409 774 3501 quotiescumque
793 3407 1015 3478 occurrent
1007 3430 1083 3501 ipsa
1104 3405 1219 3477 Socra
1241 3399 1377 3500 Scrip-

276 3528 363 3591 Ιιιιιιι
400 3520 519 3606 verba,
550 3544 591 3591 ea
619 3520 764 3591 silentio
792 3520 1092 3613 praetermittam,
1120 3520 1158 3588 iu
1184 3520 1238 3589 his
1265 3521 1387 3589 enim'

275 3636 304 3705 si
330 3636 412 3730 quis
438 3636 661 3719 consisteret,
683 3633 885 3705 ostenderet
912 3640 1050 3703 tantum
1052 3621 1227 3732 quae'sit
1252 3631 1366 3704 struc-

144 3803 147 3809 .
276 3752 355 3817 tura
368 3745 648 3816 vocabulorum
639 3769 677 3815 ιιι
693 3742 799 3815 Sacra
813 3741 995 3845 Scriptura
1013 3744 1126 3836 eujus
1136 3744 1243 3813 verba
1260 3766 1367 3812 usur·

276 3866 418 3952 panton,
440 3882 510 3929 ιιοιι
536 3858 689 3951 apudS.
717 3857 907 3943 Hilarium,
912 3856 1027 3950 quod
1050 3857 1263 3990 aproposito
1282 3878 1366 3926 meo
1426 3877 1428 3880 ·
1520 3881 1521 3884 ’

275 3972 437 4045 discedit.

322 4084 456 4155 Deinde
490 4108 572 4155 cum
606 4084 889 4155 animadvertam
926 4084 963 4153 S.
999 4082 1181 4152 Hilarium
1212 4082 1284 4152 sive
1318 4082 1365 4152 ad
1430 4102 1433 4106 ·

276 4196 537 4289 explanandam
568 4196 711 4268 Sacram
745 4197 978 4291 Scripturam,
1007 4198 1082 4266 sive
1113 4195 1157 4265 ud
1185 4217 1367 4287 exponen·
1446 4197 1479 4227 ‘⁸

277 4309 358 4380 dam
385 4309 617 4379 christianam
639 4312 829 4394 rationem,
857 4310 910 4382 uti
938 4308 1177 4379 locutionibus
1203 4307 1366 4379 deductis

167 4470 170 4477 -
276 4422 334 4493 vel
362 4446 404 4493 ex
431 4424 508 4515 ipso
533 4420 625 4492 libro
652 4446 762 4515 quem
791 4422 966 4515 explanat
984 4420 1042 4491 vel
1072 4444 1115 4490 ex
1142 4420 1221 4491 aliis
1247 4420 1363 4534 Sacrae
